@Manual{apache:org,
  title = 	 {The Apache},
  organization =  {Apache Software Foundation},
  OPTkey = 	 {},
  OPTtype = 	 {},
  OPTnumber = 	 {},
  address =	 {http://www.apache.org/},
  OPTmonth = 	 {},
  OPTnote = 	 {},
  OPTannote = 	 {}
}

@Manual{ant:org:manual,
  title = 	 {Das ANT Manual},
  OPTkey = 	 {},
  OPTauthor = 	 {},
  organization =  {Apache Software Foundation},
  address =	 {http://ant.apache.org/manual/index.html},
  OPTedition = 	 {},
  OPTmonth = 	 {},
  OPTyear = 	 {},
  OPTnote = 	 {},
  OPTannote = 	 {}
}
@Manual{ant:org:manual:develop,
  title = 	 {Entwickeln mit ANT},
  OPTkey = 	 {},
  OPTauthor = 	 {},
  organization =  {Apache Software Foundation},
  address =	 {http://ant.apache.org/manual/develop.html},
  OPTedition = 	 {},
  OPTmonth = 	 {},
  OPTyear = 	 {},
  OPTnote = 	 {},
  OPTannote = 	 {}
}

@Manual{eclipse:org,
  title = 	 {Homepage der Eclipse IDE},
  key =		 {eclipse:org},
  OPTauthor = 	 {},
  organization =  {Eclipse Software Foundation},
  address =	 {http://www.eclipse.org},
  OPTedition = 	 {},
  OPTmonth = 	 {},
  OPTyear = 	 {},
  OPTnote = 	 {},
  OPTannote = 	 {}
}

@Manual{ant:org,
  title = 	 {ANT Homepage},
  OPTkey = 	 {},
  OPTauthor = 	 {},
  organization =  {Apache Software Foundation},
  address =	 {http://ant.apache.org},
  OPTedition = 	 {},
  OPTmonth = 	 {},
  OPTyear = 	 {},
  OPTnote = 	 {},
  OPTannote = 	 {}
}

@Manual{sun:java:mail,
	title = {JavaMail API},
  OPTkey = 	 {},
  OPTauthor = 	 {},
  organization = {SUN},
  address =	 {http://java.sun.com/products/javamail/index.jsp},
  OPTedition = 	 {},
  OPTmonth = 	 {},
  OPTyear = 	 {},
  OPTnote = 	 {},
  OPTannote = 	 {}
}

@misc{processing,
	title = {Processing command line arguments in Java: Case closed - Java World},
	url = {http://www.javaworld.com/javaworld/jw-08-2004/jw-0816-command.html},
	address = {http://www.javaworld.com/javaworld/jw-08-2004/jw-0816-command.html},
	keywords = {cli,command line arguments,java,option}
}
@misc{zipsplitsend,
	title = {zipsplitsend - Google Code},
	url = {http://code.google.com/p/zipsplitsend/},
	address = {http://code.google.com/p/zipsplitsend/}
}